@book{hastie2009elements,
  title={The elements of statistical learning: data mining, inference, and prediction},
  author={Hastie, Trevor and Tibshirani, Robert and Friedman, Jerome},
  year={2009},
  publisher={Springer Science \& Business Media}
}

@article{blei2012probabilistic,
  title={Probabilistic topic models},
  author={Blei, David M},
  journal={Communications of the ACM},
  volume={55},
  number={4},
  pages={77--84},
  year={2012},
  publisher={ACM New York, NY, USA}
}

@article{griffiths2004finding,
  title={Finding scientific topics},
  author={Griffiths, Thomas L and Steyvers, Mark},
  journal={Proceedings of the National academy of Sciences},
  volume={101},
  number={suppl 1},
  pages={5228--5235},
  year={2004},
  publisher={National Acad Sciences}
}

@article{efron2020prediction,
  title={Prediction, estimation, and attribution},
  author={Efron, Bradley},
  journal={International Statistical Review},
  volume={88},
  pages={S28--S59},
  year={2020},
  publisher={Wiley Online Library}
}

@misc{smyth2020em ,
  author = {Smyth, Padhraic},
  title = {The EM algorithm for Gaussian Mixtures},
  year={2020},
  howpublished = {Available at \url{https://www.ics.uci.edu/~smyth/courses/cs274/notes/EMnotes.pdf} (2020/11/05)}
}

@book{Goodfellow-et-al-2016,
    title={Deep Learning},
    author={Ian Goodfellow and Yoshua Bengio and Aaron Courville},
    publisher={MIT Press},
    note={\url{http://www.deeplearningbook.org}},
    year={2016}
}

@book{sutton2020reinforcement,
  title={Reinforcement learning: An introduction (Second edition)},
  author={Sutton, Richard S and Barto, Andrew G},
  year={2020},
  publisher={MIT press}
}

@online{ng2017,
  title = {C4W1L07 One Layer of a Convolutional Net},
  year = {2017},
  organization = {DeepLearningAI},
  author = {Ng, Andrew},
  url = {https://www.youtube.com/watch?v=jPOAS7uCODQ&list=PLkDaE6sCZn6Gl29AoE31iwdVwSG-KnDzF&index=8},
}

@book{chollet2018deep,
  title={Deep Learning with R},
  author={Chollet, Fran{\c{c}}ois and Allaire, Joseph J},
  year={2018},
  publisher={Manning}
}

@article{ruder2016overview,
  title={An overview of gradient descent optimization algorithms},
  author={Ruder, Sebastian},
  journal={arXiv preprint arXiv:1609.04747},
  year={2016}
}

@article{kingma2014adam,
  title={Adam: A method for stochastic optimization},
  author={Kingma, Diederik P and Ba, Jimmy},
  journal={arXiv preprint arXiv:1412.6980},
  year={2014}
}

@misc{zhao2023survey,
      title={A Survey of Large Language Models},
      author={Wayne Xin Zhao and Kun Zhou and Junyi Li and Tianyi Tang and Xiaolei Wang and Yupeng Hou and Yingqian Min and Beichen Zhang and Junjie Zhang and Zican Dong and Yifan Du and Chen Yang and Yushuo Chen and Zhipeng Chen and Jinhao Jiang and Ruiyang Ren and Yifan Li and Xinyu Tang and Zikang Liu and Peiyu Liu and Jian-Yun Nie and Ji-Rong Wen},
      year={2023},
      eprint={2303.18223},
      archivePrefix={arXiv},
      primaryClass={cs.CL}
}

@misc{huang2023survey,
      title={A Survey on Hallucination in Large Language Models: Principles, Taxonomy, Challenges, and Open Questions},
      author={Lei Huang and Weijiang Yu and Weitao Ma and Weihong Zhong and Zhangyin Feng and Haotian Wang and Qianglong Chen and Weihua Peng and Xiaocheng Feng and Bing Qin and Ting Liu},
      year={2023},
      eprint={2311.05232},
      archivePrefix={arXiv},
      primaryClass={cs.CL}
}

